@inproceedings{narayan2015verifiable,
  title={Verifiable differential privacy},
  author={Narayan, Arjun and Feldman, Ariel and Papadimitriou, Antonis and Haeberlen, Andreas},
  booktitle={Proceedings of the Tenth European Conference on Computer Systems},
  pages={1--14},
  year={2015}, 
  note={\url{https://arifeldman.com/pub/VerDP-EuroSys15.pdf}}
}

@inproceedings{kato2021preventing,
	title={Preventing Manipulation Attack in Local Differential Privacy Using Verifiable Randomization Mechanism},
	author={Kato, Fumiyuki and Cao, Yang and Yoshikawa, Masatoshi},
	booktitle={IFIP Annual Conference on Data and Applications Security and Privacy},
	pages={43--60},
	year={2021},
	organization={Springer},
	note={\url{https://arxiv.org/pdf/2104.06569.pdf}}
}

@article{kiayias2022privacy,
	title={Privacy Preserving Opinion Aggregation},
	author={Kiayias, Aggelos and Teague, Vanessa and Litos, Orfeas Stefanos Thyfronitis},
	journal={Cryptology ePrint Archive},
	year={2022},
	note={\url{https://eprint.iacr.org/2022/760.pdf}}
}

@article{dwork2014algorithmic,
	title={The algorithmic foundations of differential privacy},
	author={Dwork, Cynthia and Roth, Aaron and others},
	journal={Foundations and Trends{\textregistered} in Theoretical Computer Science},
	volume={9},
	number={3--4},
	pages={211--407},
	year={2014},
	publisher={Now Publishers, Inc.},
	note={\url{https://privacytools.seas.harvard.edu/files/privacytools/files/the_algorithmic_foundations_of_differential_privacy_0.pdf}}
}
